<record><leader>00000cas a2200000 a 4500</leader><controlfield tag="001">12184485</controlfield><controlfield tag="008">850621d18811884ksuwr ne      0    0eng d</controlfield><datafield ind1=" " ind2=" " tag="010"><subfield code="a">sn 85029344 </subfield></datafield><datafield ind1=" " ind2=" " tag="040"><subfield code="a">KSH</subfield><subfield code="b">eng</subfield><subfield code="c">KSH</subfield><subfield code="d">NPT</subfield><subfield code="d">OCL</subfield><subfield code="d">OCLCQ</subfield></datafield><datafield ind1=" " ind2=" " tag="042"><subfield code="a">msc</subfield></datafield><datafield ind1="0" ind2=" " tag="130"><subfield code="a">Burlingame herald (Burlingame, Kan. : 1881)</subfield></datafield><datafield ind1="1" ind2="0" tag="245"><subfield code="a">Burlingame herald.</subfield></datafield><datafield ind1=" " ind2=" " tag="260"><subfield code="a">Burlingame, Kan. :</subfield><subfield code="b">McDonald &amp; Hoover,</subfield><subfield code="c">1881-1884.</subfield></datafield><datafield ind1=" " ind2=" " tag="300"><subfield code="a">3 v. ;</subfield><subfield code="c">64 cm.</subfield></datafield><datafield ind1=" " ind2=" " tag="310"><subfield code="a">Weekly</subfield></datafield><datafield ind1="0" ind2=" " tag="362"><subfield code="a">Vol. 1, no. 1 (Sept. 29, 1881)-v. 3, no. 20 (Feb. 9, 1884).</subfield></datafield><datafield ind1=" " ind2=" " tag="500"><subfield code="a">Published by Newt. McDonald, June 17, 1882-Feb. 9, 1884.</subfield></datafield><datafield ind1=" " ind2=" " tag="500"><subfield code="a">"Independent." Cf. Rowell, 1882.</subfield></datafield><datafield ind1=" " ind2=" " tag="525"><subfield code="a">Includes supplements.</subfield></datafield><datafield ind1=" " ind2=" " tag="752"><subfield code="a">United States</subfield><subfield code="b">Kansas</subfield><subfield code="c">Osage</subfield><subfield code="d">Burlingame.</subfield></datafield><datafield ind1="0" ind2="4" tag="785"><subfield code="t">Osage County chronicle (Burlingame, Kan. : 1873)</subfield><subfield code="w">(DLC)sn 84027606</subfield></datafield></record>